@book{progit,
    title={Pro git},
    author={Chacon, Scott and Straub, Ben},
    year={2014},
    publisher={Springer Nature}
}
